@inproceedings{zhu2016stochastic,
    title={Stochastic Multiresolution Persistent Homology Kernel},
    author={Zhu, Xiaojin and Vartanian, Ara and Bansal, Manish and Nguyen, Duy and Brandl, Luke},
    booktitle={International Joint Conference on Artificial Intelligence},
    year={2016}
}

@inproceedings {Neumann13mlg,
    author = {M. Neumann and P. Moreno and L. Antanas and R. Garnett and K. Kersting},
    title = {{Graph Kernels for Object Category Prediction in Task-Dependent Robot Grasping}},
    year = {2013},
    booktitle = {Proceedings of the Eleventh Workshop on Mining and Learning with Graphs (MLG{--}2013)},
    address = {Chicago, US}
}
